<?xml version="1.0" encoding="UTF-8"?>
<collection xmlns:xsi="http://www.w3.org/2001/XMLSchema-instance" xsi:schemaLocation="http://www.loc.gov/MARC21/slim http://www.loc.gov/standards/marcxml/schema/MARC21slim.xsd" xmlns="http://www.loc.gov/MARC21/slim">
<record>
  <leader>00667cam a2200205 a 4500</leader>
  <controlfield tag="001">3110079</controlfield>
  <controlfield tag="003">NNC</controlfield>
  <controlfield tag="005">20130426021715.0</controlfield>
  <controlfield tag="008">980120s1902    ua            000 0 ara d</controlfield>
  <datafield tag="035" ind1=" " ind2=" ">
    <subfield code="a">(OCoLC)ocm38229779</subfield>
  </datafield>
  <datafield tag="035" ind1=" " ind2=" ">
    <subfield code="9">ATU1383CU</subfield>
  </datafield>
  <datafield tag="035" ind1=" " ind2=" ">
    <subfield code="a">(NNC)3110079</subfield>
  </datafield>
  <datafield tag="040" ind1=" " ind2=" ">
    <subfield code="a">CUY</subfield>
    <subfield code="c">CUY</subfield>
    <subfield code="d">ZCU</subfield>
  </datafield>
  <datafield tag="099" ind1=" " ind2=" ">
    <subfield code="a">893.73</subfield>
    <subfield code="a">F519</subfield>
  </datafield>
  <datafield tag="100" ind1="1" ind2=" ">
    <subfield code="a">Fīrūzābādī, Muḥammad ibn Yaʻqūb,</subfield>
    <subfield code="d">1329-1414 or 1415.</subfield>
  </datafield>
  <datafield tag="245" ind1="1" ind2="3">
    <subfield code="a">al-Qāmūs al-muḥīṭ /</subfield>
    <subfield code="c">li-Majd al-Dīn Muḥammad ibn Yaʻqūb al-Fīrūzābādī.</subfield>
  </datafield>
  <datafield tag="260" ind1=" " ind2=" ">
    <subfield code="a">[al-Qāhirah] :</subfield>
    <subfield code="b">al-Maṭbaʻah al-Maymanīyah,</subfield>
    <subfield code="c">1319 [1902]</subfield>
  </datafield>
  <datafield tag="300" ind1=" " ind2=" ">
    <subfield code="a">4 v.</subfield>
  </datafield>
  <datafield tag="650" ind1=" " ind2="0">
    <subfield code="a">Arabic language</subfield>
    <subfield code="v">Dictionaries.</subfield>
  </datafield>
  <datafield tag="955" ind1=" " ind2=" ">
    <subfield code="b">0315334163</subfield>
    <subfield code="d">glx</subfield>
    <subfield code="e">893.73 F519</subfield>
    <subfield code="v">v.3</subfield>
  </datafield>
</record>
</collection>